
@article{
zhang_bim-based_2015,
	title = {{BIM}-based fall hazard identification and prevention in construction safety planning},
	volume = {72},
	issn = {09257535},
	url = {https://linkinghub.elsevier.com/retrieve/pii/S0925753514001829},
	doi = {10.1016/j.ssci.2014.08.001},
	pages = {31--45},
	journaltitle = {Safety Science},
	shortjournal = {Safety Science},
	author = {Zhang, Sijie and Sulankivi, Kristiina and Kiviniemi, Markku and Romo, Ilkka and Eastman, Charles M. and Teizer, Jochen},
	urldate = {2020-03-21},
	date = {2015-02},
	langid = {english}
}

@article{
__2015,
	title = {脚手架事故危险源辨识及预防},
	volume = {41},
	issn = {1009-6825},
	url = {https://kns.cnki.net/KCMS/detail/detail.aspx?dbcode=CJFQ&dbname=CJFDLAST2015&filename=JZSX201512134&uid=WEEvREcwSlJHSldRa1Fhb09pSnNvVXIwRmg1YklNeU44V2RYVnlDUzFYOD0=$9A4hF_YAuvQ5obgVAqNKPCYcEjKensW4ggI8Fm4gTkoUKaID8j8gFw!!&v=MDkzNzJyWTVHWUlSOGVYMUx1eFlTN0RoMVQzcVRyV00xRnJDVVI3cWZaT1J1Rnl2bVVyek1MemZZZHJHNEg5VE4=},
	abstract = {从预防的角度,针对目前脚手架工程问题,较为全面的归纳总结了脚手架事故的危险源,通过对脚手架各个阶段的风险评估及监控,并对脚手架安全技术分析进行了科学分析,从而有效避免脚手架伤亡事故的发生,提高脚手架安全、科学管控水平。},
	pages = {242--244},
	number = {12},
	journaltitle = {山西建筑},
	author = {刘, 群 and 贾, 莉 and 黄, 俊},
	urldate = {2020-03-21},
	date = {2015},
	keywords = {措施, 风险评估, 监控, 脚手架事故, 危险源, hazard resource, measure, risk evaluation, scaffold accident, supervision},
	file = {Full Text PDF:files/7/刘 等。 - 2015 - 脚手架事故危险源辨识及预防.pdf:application/pdf}
}




